[gd_scene load_steps=26 format=2]

[ext_resource path="res://fonts/PermanentMarker-Regular.ttf" type="DynamicFontData" id=1]
[ext_resource path="res://src/Game.gd" type="Script" id=2]
[ext_resource path="res://icon.png" type="Texture" id=3]
[ext_resource path="res://shaders/Blur.shader" type="Shader" id=4]
[ext_resource path="res://ui_theme.tres" type="Theme" id=5]
[ext_resource path="res://scenes/UI/OptionsMenu.tscn" type="PackedScene" id=6]
[ext_resource path="res://src/UI/SwitchContainerButton.gd" type="Script" id=7]
[ext_resource path="res://src/UI/PauseScreen.gd" type="Script" id=8]
[ext_resource path="res://src/UI/GameOverScreen.gd" type="Script" id=9]
[ext_resource path="res://src/UI/SwitchSceneButton.gd" type="Script" id=10]
[ext_resource path="res://scenes/UI/RemapMenu.tscn" type="PackedScene" id=11]

[sub_resource type="DynamicFont" id=1]
size = 52
font_data = ExtResource( 1 )

[sub_resource type="ShaderMaterial" id=2]
shader = ExtResource( 4 )
shader_param/blur_amount = 0.0

[sub_resource type="Animation" id=14]
length = 0.001
tracks/0/type = "value"
tracks/0/path = NodePath("../UIBackground/BlurRect:visible")
tracks/0/interp = 1
tracks/0/loop_wrap = true
tracks/0/imported = false
tracks/0/enabled = true
tracks/0/keys = {
"times": PoolRealArray( 0 ),
"transitions": PoolRealArray( 1 ),
"update": 0,
"values": [ false ]
}

[sub_resource type="Animation" id=3]
resource_name = "show"
length = 0.1
step = 0.01
tracks/0/type = "value"
tracks/0/path = NodePath("../UIBackground/BlurRect:material:shader_param/blur_amount")
tracks/0/interp = 1
tracks/0/loop_wrap = true
tracks/0/imported = false
tracks/0/enabled = true
tracks/0/keys = {
"times": PoolRealArray( 0, 0.1 ),
"transitions": PoolRealArray( 1, 1 ),
"update": 0,
"values": [ 0.0, 3.0 ]
}
tracks/1/type = "value"
tracks/1/path = NodePath("Menu:visible")
tracks/1/interp = 1
tracks/1/loop_wrap = true
tracks/1/imported = false
tracks/1/enabled = true
tracks/1/keys = {
"times": PoolRealArray( 0, 0.09, 0.1 ),
"transitions": PoolRealArray( 1, 1, 1 ),
"update": 1,
"values": [ false, false, true ]
}
tracks/2/type = "value"
tracks/2/path = NodePath("../UIBackground/BlurRect:visible")
tracks/2/interp = 1
tracks/2/loop_wrap = true
tracks/2/imported = false
tracks/2/enabled = true
tracks/2/keys = {
"times": PoolRealArray( 0 ),
"transitions": PoolRealArray( 1 ),
"update": 1,
"values": [ true ]
}

[sub_resource type="Animation" id=13]
length = 0.001
tracks/0/type = "value"
tracks/0/path = NodePath("../UIBackground/BlurRect:visible")
tracks/0/interp = 1
tracks/0/loop_wrap = true
tracks/0/imported = false
tracks/0/enabled = true
tracks/0/keys = {
"times": PoolRealArray( 0 ),
"transitions": PoolRealArray( 1 ),
"update": 0,
"values": [ false ]
}

[sub_resource type="Animation" id=4]
length = 0.1
step = 0.01
tracks/0/type = "value"
tracks/0/path = NodePath("Menu:visible")
tracks/0/interp = 1
tracks/0/loop_wrap = true
tracks/0/imported = false
tracks/0/enabled = true
tracks/0/keys = {
"times": PoolRealArray( 0, 0.09, 0.1 ),
"transitions": PoolRealArray( 1, 1, 1 ),
"update": 1,
"values": [ false, false, true ]
}
tracks/1/type = "value"
tracks/1/path = NodePath("../UIBackground/BlurRect:material:shader_param/blur_amount")
tracks/1/interp = 1
tracks/1/loop_wrap = true
tracks/1/imported = false
tracks/1/enabled = true
tracks/1/keys = {
"times": PoolRealArray( 0, 0.1 ),
"transitions": PoolRealArray( 1, 1 ),
"update": 0,
"values": [ 0.0, 3.0 ]
}
tracks/2/type = "value"
tracks/2/path = NodePath("../UIBackground/BlurRect:visible")
tracks/2/interp = 1
tracks/2/loop_wrap = true
tracks/2/imported = false
tracks/2/enabled = true
tracks/2/keys = {
"times": PoolRealArray( 0 ),
"transitions": PoolRealArray( 1 ),
"update": 1,
"values": [ true ]
}

[sub_resource type="Animation" id=5]
length = 5.0
loop = true
tracks/0/type = "bezier"
tracks/0/path = NodePath("Particles2D:position:x")
tracks/0/interp = 1
tracks/0/loop_wrap = true
tracks/0/imported = false
tracks/0/enabled = true
tracks/0/keys = {
"points": PoolRealArray( 825, -0.25, 0, 0.25, 0, 200, -0.25, 0, 0.25, 0, 825, -0.25, 0, 0.25, 0 ),
"times": PoolRealArray( 0, 2.5, 5 )
}
tracks/1/type = "bezier"
tracks/1/path = NodePath("Particles2D:position:y")
tracks/1/interp = 1
tracks/1/loop_wrap = true
tracks/1/imported = false
tracks/1/enabled = true
tracks/1/keys = {
"points": PoolRealArray( 400, -0.25, 0, 0.25, 0, 400, -0.25, 0, 0.25, 0, 400, -0.25, 0, 0.25, 0 ),
"times": PoolRealArray( 0, 2.5, 5 )
}
tracks/2/type = "method"
tracks/2/path = NodePath("GameOverScreen")
tracks/2/interp = 1
tracks/2/loop_wrap = true
tracks/2/imported = false
tracks/2/enabled = true
tracks/2/keys = {
"times": PoolRealArray( 5 ),
"transitions": PoolRealArray( 1 ),
"values": [ {
"args": [  ],
"method": "appear"
} ]
}

[sub_resource type="Gradient" id=6]
offsets = PoolRealArray( 0, 0.888889 )
colors = PoolColorArray( 0.313726, 0.313726, 0.313726, 1, 1, 1, 1, 1 )

[sub_resource type="GradientTexture" id=7]
gradient = SubResource( 6 )

[sub_resource type="Curve" id=8]
_data = [ Vector2( 0.0316456, 0.390909 ), 0.0, 0.0, 0, 0, Vector2( 0.512658, 0.963636 ), -3.14895, -3.14895, 0, 0, Vector2( 1, 0.418182 ), 0.0, 0.0, 0, 0 ]

[sub_resource type="CurveTexture" id=9]
curve = SubResource( 8 )

[sub_resource type="Curve" id=10]
max_value = 1.41
_data = [ Vector2( 0, 0.786364 ), 0.0, 0.512987, 0, 0, Vector2( 1, 0.75 ), -3.54867, 0.0, 0, 0 ]

[sub_resource type="CurveTexture" id=11]
curve = SubResource( 10 )

[sub_resource type="ParticlesMaterial" id=12]
trail_size_modifier = SubResource( 11 )
emission_shape = 2
emission_box_extents = Vector3( 150, 100, 1 )
flag_disable_z = true
initial_velocity = 10.0
orbit_velocity = 0.1
orbit_velocity_random = 0.1
tangential_accel = 50.0
damping = 20.0
damping_random = 0.39
scale = 0.5
scale_curve = SubResource( 9 )
color_ramp = SubResource( 7 )

[node name="Game" type="Node2D"]
script = ExtResource( 2 )

[node name="HUD" type="CanvasLayer" parent="."]

[node name="Label" type="Label" parent="HUD"]
anchor_right = 1.0
anchor_bottom = 1.0
margin_bottom = -300.0
custom_colors/font_color = Color( 0, 0, 0, 1 )
custom_fonts/font = SubResource( 1 )
text = "You are in the giant duck. Alone..."
align = 1
valign = 1
__meta__ = {
"_edit_use_anchors_": false
}

[node name="UIBackground" type="CanvasLayer" parent="."]
layer = 2

[node name="BlurRect" type="ColorRect" parent="UIBackground"]
visible = false
material = SubResource( 2 )
anchor_right = 1.0
anchor_bottom = 1.0
__meta__ = {
"_edit_lock_": true,
"_edit_use_anchors_": false
}

[node name="GameOverScreen" type="CanvasLayer" parent="."]
pause_mode = 2
layer = 2
script = ExtResource( 9 )

[node name="AnimationPlayer" type="AnimationPlayer" parent="GameOverScreen"]
anims/RESET = SubResource( 14 )
anims/show = SubResource( 3 )

[node name="Menu" type="Control" parent="GameOverScreen"]
visible = false
anchor_right = 1.0
anchor_bottom = 1.0
margin_left = 200.0
margin_right = -200.0
__meta__ = {
"_edit_use_anchors_": false
}

[node name="Header" type="Label" parent="GameOverScreen/Menu"]
anchor_right = 1.0
anchor_bottom = 1.0
margin_bottom = -300.0
custom_fonts/font = SubResource( 1 )
text = "Game Over"
align = 1
valign = 1
__meta__ = {
"_edit_use_anchors_": false
}

[node name="GameOverMenu" type="VBoxContainer" parent="GameOverScreen/Menu"]
anchor_right = 1.0
anchor_bottom = 1.0
alignment = 1
__meta__ = {
"_edit_use_anchors_": false
}

[node name="PlayAgain" type="Button" parent="GameOverScreen/Menu/GameOverMenu"]
margin_top = 258.0
margin_right = 624.0
margin_bottom = 298.0
theme = ExtResource( 5 )
text = "Play Again"
script = ExtResource( 10 )
up_next = "res://scenes/Game.tscn"

[node name="Quit" type="Button" parent="GameOverScreen/Menu/GameOverMenu"]
margin_top = 302.0
margin_right = 624.0
margin_bottom = 342.0
theme = ExtResource( 5 )
text = "Quit to menu"
script = ExtResource( 10 )
up_next = "res://scenes/StartScreen.tscn"

[node name="PauseScreen" type="CanvasLayer" parent="."]
pause_mode = 2
layer = 2
script = ExtResource( 8 )
quit_direction = "res://scenes/StartScreen.tscn"

[node name="AnimationPlayer" type="AnimationPlayer" parent="PauseScreen"]
anims/RESET = SubResource( 13 )
anims/show = SubResource( 4 )

[node name="Menu" type="Control" parent="PauseScreen"]
visible = false
anchor_right = 1.0
anchor_bottom = 1.0
margin_left = 300.0
margin_right = -300.0
__meta__ = {
"_edit_use_anchors_": false
}

[node name="Header" type="Label" parent="PauseScreen/Menu"]
anchor_right = 1.0
anchor_bottom = 1.0
margin_bottom = -300.0
custom_fonts/font = SubResource( 1 )
text = "Paused"
align = 1
valign = 1
__meta__ = {
"_edit_use_anchors_": false
}

[node name="PauseMenu" type="VBoxContainer" parent="PauseScreen/Menu"]
anchor_right = 1.0
anchor_bottom = 1.0
alignment = 1
__meta__ = {
"_edit_use_anchors_": false
}

[node name="Resume" type="Button" parent="PauseScreen/Menu/PauseMenu"]
margin_top = 236.0
margin_right = 624.0
margin_bottom = 276.0
theme = ExtResource( 5 )
text = "Resume"

[node name="Options" type="Button" parent="PauseScreen/Menu/PauseMenu"]
margin_top = 280.0
margin_right = 624.0
margin_bottom = 320.0
theme = ExtResource( 5 )
text = "Options"
script = ExtResource( 7 )
direction = NodePath("../../OptionsMenu")

[node name="Quit" type="Button" parent="PauseScreen/Menu/PauseMenu"]
margin_top = 324.0
margin_right = 624.0
margin_bottom = 364.0
theme = ExtResource( 5 )
text = "Quit to menu"

[node name="OptionsMenu" parent="PauseScreen/Menu" instance=ExtResource( 6 )]
visible = false
alignment = 1
back_direction = NodePath("../PauseMenu")
remap_direction = NodePath("../RemapMenu")

[node name="RemapMenu" parent="PauseScreen/Menu" instance=ExtResource( 11 )]
visible = false
alignment = 1
back_direction = NodePath("../OptionsMenu")

[node name="ConfirmQuit" type="ConfirmationDialog" parent="PauseScreen/Menu"]
anchor_top = 0.5
anchor_right = 1.0
anchor_bottom = 0.5
margin_left = 46.0
margin_top = -49.0
margin_right = -46.0
margin_bottom = 49.0
theme = ExtResource( 5 )
window_title = " "
dialog_text = "Are you sure you want to quit to main menu?"
__meta__ = {
"_edit_use_anchors_": false
}

[node name="AnimationPlayer" type="AnimationPlayer" parent="."]
anims/loop = SubResource( 5 )

[node name="Particles2D" type="Particles2D" parent="."]
position = Vector2( 825, 400 )
amount = 10
explosiveness = 0.4
visibility_rect = Rect2( -200, -200, 400, 400 )
local_coords = false
process_material = SubResource( 12 )
texture = ExtResource( 3 )
